@book{
	RESTfulWebServices,
	author = {Leonard Richardson, Sam Ruby},
	title = {RESTful Web Services},
	year = {2007},
	publisher = {O'Reilly}
}

@book{
	RESTfulWebServicesCookbook,
	author = {Subbu Allamaraju},
	title = {RESTful Web Services Cookbook},
	year = {2010},
	publisher = {O'Reilly}
}

@book{
	DesigningWebAPIs,
	author = {Amir Shevat, Brenda Jin, and Saurabh Sahni},
	title = {Designing Web APIs: Building APIs That Developers Love},
	year = {2018},
	publisher = {O'Reilly}
}

@book{
	RESTAPIDesignRulebook,
	author = {Mark Masse},
	title = {REST API Design Rulebook},
	year = {2011},
	publisher = {O'Reilly}
}

@book{
	ArchitecturalStyles,
	author = {Roy Thomas Fielding},
	title = {Architectural Styles and the Design of Network-based Software Architectures},
	year = {2000},
	publisher = {University of California}
	
}


@online{
	BestPracticesWeb,
	author = {Vinay Sahni},
	title = {Best Practices for Designing a Pragmatic RESTful API},
	howpublished = "\url{https://www.vinaysahni.com/best-practices-for-a-pragmatic-restful-api/}",
	note = {data dostępu: 16.01.2023}
}

@online{
	SpringDocs,
	title = {Spring Documentation v6.0.4},
	howpublished = "\url{https://docs.spring.io/spring-framework/docs/current/reference/html/}",
	note = {data dostępu: 16.01.2023}
}

@online{
	JavaDocs,
	title = {Java Documentation},
	howpublished = "\url{https://docs.oracle.com/en/java/}",
	note = {data dostępu: 16.01.2023}
}

@online{
	RoRDocs,
	title = {Ruby on Rails Documentation v7.0.4},
	howpublished = "\url{https://guides.rubyonrails.org/}",
	note = {data dostępu: 16.01.2023}
}

@online{
	RubyDocs,
	title = {Ruby Documentation},
	howpublished = "\url{https://ruby-doc.org/}",
	note = {data dostępu: 16.01.2023}
}

@online{
	MozillaHTTP,
	title = {Developer Mozilla - An overview of HTTP},
	howpublished = "\url{https://developer.mozilla.org/en-US/docs/Web/HTTP/Overview}",
	note = {data dostępu: 16.01.2023}
}

@online{
	MozillaHTTPMethods,
	title = {Developer Mozilla - HTTP request methods},
	howpublished = "\url{https://developer.mozilla.org/en-US/docs/Web/HTTP/Methods}",
	note = {data dostępu: 16.01.2023}
}

@online{
	MozillaHTTPStatuses,
	title = {Developer Mozilla - HTTP response status codes},
	howpublished = "\url{https://developer.mozilla.org/en-US/docs/Web/HTTP/Status}",
	note = {data dostępu: 16.01.2023}
}

@online{
	WikipediaHTTPS,
	title = {Wikipedia - HTPS},
	howpublished = "\url{https://en.wikipedia.org/wiki/HTTPS}",
	note = {data dostępu: 16.01.2023}
}
