@book{
	RESTfulWebServices,
	author = {Leonard Richardson, Sam Ruby},
	title = {RESTful Web Services}
}

@book{
	RESTfulWebServicesCookbook,
	author = {Subbu Allamaraju},
	title = {RESTful Web Services Cookbook}
}

@book{
	DesigningWebAPIs,
	author = {Amir Shevat, Brenda Jin, and Saurabh Sahni},
	title = {Designing Web APIs: Building APIs That Developers Love}
}

@book{
	RESTAPIDesignRulebook,
	author = {Mark Masse},
	title = {REST API Design Rulebook}
}

@pdhthesis{
	ArchitecturalStyles,
	author = {Roy Thomas Fielding},
	title = {Architectural Styles and the Design of Network-based Software Architectures},
	school = {University of California},
	year = {2000}
}


@online{
	BestPracticesWeb,
	author = {Vinay Sahni},
	title = {Best Practices for Designing a Pragmatic RESTful API},
	howpublished = "\url{https://www.vinaysahni.com/best-practices-for-a-pragmatic-restful-api/}",
}

@online{
	SpringDocs,
	title = {Spring Documentation},
	howpublished = "\url{https://docs.spring.io/spring-framework/docs/current/reference/html/}",
}

@online{
	JavaDocs,
	title = {Java Documentation},
	howpublished = "\url{https://docs.oracle.com/en/java/}",
}

@online{
	RoRDocs,
	title = {Ruby on Rails Documentation},
	howpublished = "\url{https://guides.rubyonrails.org/}",
}

@online{
	RubyDocs,
	title = {Ruby Documentation},
	howpublished = "\url{https://ruby-doc.org/}",
}

@online{
	MozillaHTTP,
	title = {Developer Mozilla - An overview of HTTP},
	howpublished = "\url{https://developer.mozilla.org/en-US/docs/Web/HTTP/Overview}",
}

@online{
	MozillaHTTPMethods,
	title = {Developer Mozilla - HTTP request methods},
	howpublished = "\url{https://developer.mozilla.org/en-US/docs/Web/HTTP/Methods}",
}

@online{
	MozillaHTTPStatuses,
	title = {Developer Mozilla - HTTP response status codes},
	howpublished = "\url{https://developer.mozilla.org/en-US/docs/Web/HTTP/Status}",
}

@online{
	WikipediaHTTPS,
	title = {Wikipedia - HTPS},
	howpublished = "\url{https://en.wikipedia.org/wiki/HTTPS}",
}